@article{baldocchi2008turner,
author = {Baldocchi, Dennis},
journal = {Australian Journal of Botany},
number = {1},
pages = {1--26},
publisher = {CSIRO},
title = {{TURNER REVIEW No. 15.`Breathing'of the terrestrial biosphere: lessons learned from a global network of carbon dioxide flux measurement systems}},
volume = {56},
year = {2008}
}
@article{baldocchi2001fluxnet,
author = {Baldocchi, Dennis and Falge, Eva and Gu, Lianhong and Olson, Richard and Hollinger, David and Running, Steve and Anthoni, Peter and Bernhofer, Ch and Davis, Kenneth and Evans, Robert and Others},
journal = {Bulletin of the American Meteorological Society},
number = {11},
pages = {2415--2434},
title = {{FLUXNET: A new tool to study the temporal and spatial variability of ecosystem-scale carbon dioxide, water vapor, and energy flux densities}},
volume = {82},
year = {2001}
}
@article{Bloom2014,
author = {Bloom, A. and Williams, M.},
doi = {10.5194/bgd-11-12733-2014},
issn = {1810-6285},
journal = {Biogeosciences Discussions},
month = aug,
number = {8},
pages = {12733--12772},
title = {{Constraining ecosystem carbon dynamics in a data-limited world: integrating ecological ``common sense" in a model-data-fusion framework.}},
url = {http://www.biogeosciences-discuss.net/11/12733/2014/},
volume = {11},
year = {2014}
}
@article{braswell2005estimating,
author = {Braswell, Bobby H and Sacks, William J and Linder, Ernst and Schimel, David S},
journal = {Global Change Biology},
number = {2},
pages = {335--355},
publisher = {Wiley Online Library},
title = {{Estimating diurnal to annual ecosystem parameters by synthesis of a carbon flux model with eddy covariance net ecosystem exchange observations}},
volume = {11},
year = {2005}
}
@article{de2014does,
author = {{De Kauwe}, Martin G and Medlyn, Belinda E and Zaehle, S\"{o}nke and Walker, Anthony P and Dietze, Michael C and Wang, Ying-Ping and Luo, Yiqi and Jain, Atul K and El-Masri, Bassil and Hickler, Thomas and Others},
journal = {New Phytologist},
publisher = {Wiley Online Library},
title = {{Where does the carbon go? A model--data intercomparison of vegetation carbon allocation and turnover processes at two temperate forest free-air CO2 enrichment sites}},
year = {2014}
}
@inproceedings{delahaies2013regularization,
author = {Delahaies, Sylvain and Roulstone, Ian and Nichols, Nancy},
booktitle = {EGU General Assembly Conference Abstracts},
pages = {4087},
title = {{A regularization of the carbon cycle data-fusion problem}},
volume = {15},
year = {2013}
}
@article{desroziers2005diagnosis,
author = {Desroziers, G\'{e}rald and Berre, Loic and Chapnik, Bernard and Poli, Paul},
journal = {Quarterly Journal of the Royal Meteorological Society},
number = {613},
pages = {3385--3396},
publisher = {Wiley Online Library},
title = {{Diagnosis of observation, background and analysis-error statistics in observation space}},
volume = {131},
year = {2005}
}
@article{engelen2004information,
author = {Engelen, R J and Stephens, G L},
journal = {Journal of Applied Meteorology},
number = {2},
pages = {373--378},
title = {{Information content of infrared satellite sounding measurements with respect to CO2}},
volume = {43},
year = {2004}
}
@book{fisher2003estimation,
author = {Fisher, Michael},
publisher = {European Centre for Medium-Range Weather Forecasts},
title = {{Estimation of entropy reduction and degrees of freedom for signal for large variational analysis systems}},
year = {2003}
}
@article{fowler2011measures,
author = {Fowler, Alison and van Leeuwen, Peter Jan},
title = {{Measures of observation impact in Gaussian data assimilation}},
year = {2011}
}
@article{Fox2009,
annote = {DALEC implemented in a number of different ways.},
author = {Fox, Andrew and Williams, Mathew and Richardson, Andrew D. and Cameron, David and Gove, Jeffrey H. and Quaife, Tristan and Ricciuto, Daniel and Reichstein, Markus and Tomelleri, Enrico and Trudinger, Cathy M. and {Van Wijk}, Mark T.},
doi = {10.1016/j.agrformet.2009.05.002},
issn = {01681923},
journal = {Agricultural and Forest Meteorology},
month = oct,
number = {10},
pages = {1597--1615},
publisher = {Elsevier},
title = {{The REFLEX project: Comparing different algorithms and implementations for the inversion of a terrestrial ecosystem model against eddy covariance data}},
url = {http://www.deepdyve.com/lp/elsevier/the-reflex-project-comparing-different-algorithms-and-implementations-mUMVk0bx1v},
volume = {149},
year = {2009}
}
@book{lewis2006dynamic,
author = {Lewis, John M and Lakshmivarahan, Sivaramakrishnan and Dhall, Sudarshan},
publisher = {Cambridge University Press},
title = {{Dynamic data assimilation: a least squares approach}},
volume = {13},
year = {2006}
}
@book{rodgers2000inverse,
author = {Rodgers, Clive D and Others},
publisher = {World scientific Singapore},
title = {{Inverse methods for atmospheric sounding: Theory and practice}},
volume = {2},
year = {2000}
}
@article{running1999global,
author = {Running, S W and Baldocchi, D D and Turner, D P and Gower, S T and Bakwin, P S and Hibbard, K A},
journal = {Remote Sensing of Environment},
number = {1},
pages = {108--127},
publisher = {Elsevier},
title = {{A global terrestrial monitoring network integrating tower fluxes, flask sampling, ecosystem modeling and EOS satellite data}},
volume = {70},
year = {1999}
}
@article{sandu2012practical,
author = {Sandu, Adrian and Singh, Kumaresh and Jardak, Mohamed and Bowman, Kevin and Lee, Meemong},
title = {{A Practical Method to Estimate Information Content in the Context of 4D-Var Data Assimilation. I: Methodology}},
year = {2012}
}
@article{stewart2009observation,
author = {Stewart, L M and Cameron, J and Dance, S L and English, S and Eyre, J and Nichols, N K},
journal = {Mathematics report series},
title = {{Observation error correlations in IASI radiance data}},
volume = {1},
year = {2009}
}
@article{stewart2008correlated,
author = {Stewart, Laura M and Dance, S L and Nichols, N K},
journal = {International journal for numerical methods in fluids},
number = {8},
pages = {1521--1527},
publisher = {Wiley Online Library},
title = {{Correlated observation errors in data assimilation}},
volume = {56},
year = {2008}
}
@article{stewart2013data,
author = {Stewart, Laura M and Dance, Sarah and Nichols, Nancy K},
journal = {Tellus A},
title = {{Data assimilation with correlated observation errors: experiments with a 1-D shallow water model}},
volume = {65},
year = {2013}
}
@article{tiedeman2013effect,
author = {Tiedeman, Claire R and Green, Christopher T},
journal = {Water Resources Research},
publisher = {Wiley Online Library},
title = {{Effect of correlated observation error on parameters, predictions, and uncertainty}},
year = {2013}
}
@article{valentini2000respiration,
author = {Valentini, R and Matteucci, G and Dolman, A J and Schulze, E-D and Rebmann, CJMEAG and Moors, E J and Granier, A and Gross, P and Jensen, N O and Pilegaard, K and Others},
journal = {Nature},
number = {6780},
pages = {861--865},
publisher = {Nature Publishing Group},
title = {{Respiration as the main determinant of carbon balance in European forests}},
volume = {404},
year = {2000}
}
@article{williams1997predicting,
author = {Williams, Mathew and Rastetter, Edward B and Fernandes, David N and Goulden, Michael L and Shaver, Gaius R and Johnson, Loretta C},
journal = {Ecological Applications},
number = {3},
pages = {882--894},
publisher = {Eco Soc America},
title = {{Predicting gross primary productivity in terrestrial ecosystems}},
volume = {7},
year = {1997}
}
@article{williams2005improved,
author = {Williams, Mathew and Schwarz, Paul A and Law, Beverly E and Irvine, James and Kurpius, Meredith R},
journal = {Global Change Biology},
number = {1},
pages = {89--105},
publisher = {Wiley Online Library},
title = {{An improved analysis of forest carbon dynamics using data assimilation}},
volume = {11},
year = {2005}
}
@book{Nocedal1999,
author = {Nocedal, Jorge and Wright, Stephen J},
isbn = {0387987932},
pages = {198},
publisher = {Springer Science \& Business Media},
title = {{Numerical Optimization}},
url = {http://books.google.co.uk/books/about/Numerical\_Optimization.html?id=epc5fX0lqRIC\&pgis=1},
year = {1999}
}
@article{pinningtoninfocon,
author = {Pinnington, Ewan},
title = {{Information content for observations of forest carbon stocks and fluxes when assimilated with the DALEC carbon balance model}},
year = {2014}
}
