@article{Bloom2014,
author = {Bloom, a. a. and Williams, M.},
doi = {10.5194/bgd-11-12733-2014},
issn = {1810-6285},
journal = {Biogeosciences Discussions},
month = aug,
number = {8},
pages = {12733--12772},
title = {{Constraining ecosystem carbon dynamics in a data-limited world: integrating ecological "common sense" in a model-data-fusion framework.}},
url = {http://www.biogeosciences-discuss.net/11/12733/2014/},
volume = {11},
year = {2014}
}
