@article{evensenEnKF1994,
author = {Evensen, G},
title = {{Sequential Data Assimilation with a Nonlinear Quasi-Geostrophic Model Using Monte-Carlo Methods to Forecast Error Statistics}},
journal = {{Journal of Geophysical Research-Oceans}},
year = {{1994}},
volume = {{99}},
number = {{C5}},
pages = {{10143-10162}},
}