@article{
bloggs2013,
   author = {Bloggs, J.},
   title = {A Paper},
   journal = {A Journal},
   volume = {1},
   number = {1},
   pages = {1-11},
   year = {2006}
}
